@article{bhargava-thesis-i,
  author  = {Bhargava, Manjul},
  title   = {Higher composition laws. {I}. {A} new view on {G}auss composition and quadratic generalizations},
  journal = {Ann. of Math. (2)},
  volume  = {159},
  year    = {2004},
  number  = {1},
  pages   = {217--250}
}

@article{bhargava-thesis-ii,
  author  = {Bhargava, Manjul},
  title   = {Higher composition laws. {II}. {O}n cubic analogues of {G}auss composition},
  journal = {Ann. of Math. (2)},
  volume  = {159},
  year    = {2004},
  number  = {2},
  pages   = {865--886}
}

@eprint{bhargava-shankar-1,
  author        = {Bhargava, Manjul and Shankar, Arul},
  title         = {Binary quartic forms having bounded invariants, and the boundedness of the average rank of elliptic curves},
  archivePrefix = {arXiv},
  eprint        = {1006.1002},
  primaryClass  = {math.NT}
}

@eprint{bhargava-shankar-2,
  author        = {Bhargava, Manjul and Shankar, Arul},
  title         = {Ternary cubic forms having bounded invariants, and the existence of a positive proportion of elliptic curves having rank 0},
  archivePrefix = {arXiv},
  eprint        = {1007.0052},
  primaryClass  = {math.NT}
}

@eprint{bhargava-shankar-3,
  author        = {Bhargava, Manjul and Shankar, Arul},
  title         = {The average number of elements in the 4-{S}elmer groups of elliptic curves is 7},
  archivePrefix = {arXiv},
  eprint        = {1312.7333},
  primaryClass  = {math.NT}
}

@eprint{bhargava-shankar-4,
  author        = {Bhargava, Manjul and Shankar, Arul},
  title         = {The average size of the 5-{S}elmer group of elliptic curves is 6, and the average rank is less than 1},
  archivePrefix = {arXiv},
  eprint        = {1312.7859},
  primaryClass  = {math.NT}
}

@eprint{bhargava-skinner,
  author        = {Bhargava, Manjul and Skinner, Christopher},
  title         = {A positive proportion of elliptic curves over {$\mathbb{Q}$} have rank one},
  archivePrefix = {arXiv},
  eprint        = {1401.0233},
  primaryClass  = {math.NT}
}

@eprint{bhargava-skinner-zhang,
  author        = {Bhargava, Manjul and Skinner, Christopher and Zhang, Wei},
  title         = {A majority of elliptic curves over {$\mathbb Q$} satisfy the Birch and Swinnerton-Dyer conjecture},
  archivePrefix = {arXiv},
  eprint        = {1407.1826},
  primaryClass  = {math.NT}
}

@article{brumer-1992,
  author  = {Brumer, Armand},
  title   = {The average rank of elliptic curves. {I}},
  journal = {Invent. Math.},
  volume  = {109},
  year    = {1992},
  number  = {3},
  pages   = {445--472}
}

@article{cassels-1962,
  author  = {Cassels, J. W. S.},
  title   = {Arithmetic on curves of genus {$1$}. {IV}. {P}roof of the {H}auptvermutung},
  journal = {J. Reine Angew. Math.},
  volume  = {211},
  year    = {1962},
  pages   = {95--112}
}

@online{moonenABV,
  author  = {van der Geer, Gerard and Edixhoven, Bas and Moonen, Ben},
  title   = {Abelian varieties},
  year    = {2014},
  url     = {http://www.math.ru.nl/personal/bmoonen/research.html},
  urldate = {2014-09-03}
}

@article{heath-brown-2004,
  author  = {Heath-Brown, D. R.},
  title   = {The average analytic rank of elliptic curves},
  volume  = {122},
  year    = {2004},
  number  = {3},
  pages   = {591--623}
}

@article{mazur-1977,
  author  = {Mazur, Barry},
  title   = {Modular curves and the {E}isenstein ideal},
  journal = {Inst. Hautes \'Etudes Sci. Publ. Math.},
  number  = {47},
  year    = {1977},
  pages   = {33--186}
}

@book{morishita-2012,
  author    = {Morishita, Masanori},
  title     = {Knots and primes},
  series    = {Universitext},
  publisher = {Springer},
  year      = {2012}
}

@book{neukirch-schmidt-winberg-2008,
  author    = {Neukirch, J{\"u}rgen and Schmidt, Alexander and Wingberg, Kay},
  title     = {Cohomology of number fields},
  series    = {Grundlehren der Mathematischen Wissenschaften},
  volume    = {323},
  edition   = {Second},
  publisher = {Springer-Verlag},
  year      = {2008}
}

@article{young-2006,
  author  = {Young, Matthew P.},
  title   = {Low-lying zeros of families of elliptic curves},
  journal = {J. Amer. Math. Soc.},
  volume  = {19},
  year    = {2006},
  number  = {1},
  pages   = {205--250}
}
  
